<record><leader>00000cas a22000007a 4500</leader><controlfield tag="001">12101909</controlfield><controlfield tag="008">850531d19051912wiuwr ne      0    0eng d</controlfield><datafield ind1=" " ind2=" " tag="010"><subfield code="a">sn 85040771 </subfield></datafield><datafield ind1=" " ind2=" " tag="040"><subfield code="a">NPV</subfield><subfield code="b">eng</subfield><subfield code="c">NPV</subfield><subfield code="d">OCLCQ</subfield></datafield><datafield ind1=" " ind2=" " tag="042"><subfield code="a">msc</subfield></datafield><datafield ind1=" " ind2=" " tag="045"><subfield code="a">x0x1</subfield></datafield><datafield ind1=" " ind2=" " tag="052"><subfield code="a">4123</subfield><subfield code="b">O6</subfield></datafield><datafield ind1="0" ind2="0" tag="245"><subfield code="a">Welcome independent.</subfield></datafield><datafield ind1=" " ind2=" " tag="260"><subfield code="a">Welcome, Wis. :</subfield><subfield code="b">C.W. Andrews,</subfield><subfield code="c">1905-1912.</subfield></datafield><datafield ind1=" " ind2=" " tag="300"><subfield code="a">8 v. :</subfield><subfield code="b">ill.</subfield></datafield><datafield ind1=" " ind2=" " tag="310"><subfield code="a">Weekly</subfield></datafield><datafield ind1="0" ind2=" " tag="362"><subfield code="a">Vol. 1, no. 1 (Aug. 25, 1905)-v. 8, no. 44 (June 21, 1912).</subfield></datafield><datafield ind1=" " ind2=" " tag="500"><subfield code="a">Publisher varies.</subfield></datafield><datafield ind1=" " ind2=" " tag="500"><subfield code="a">Editor: H.E. Roate, Aug. 28, 1908-June 21, 1912.</subfield></datafield><datafield ind1=" " ind2=" " tag="525"><subfield code="a">Supplements accompany some issues.</subfield></datafield><datafield ind1=" " ind2=" " tag="530"><subfield code="a">Available on microfilm from The State Historical Society of Wisconsin.</subfield></datafield><datafield ind1=" " ind2=" " tag="752"><subfield code="a">United States</subfield><subfield code="b">Wisconsin</subfield><subfield code="c">Outagamie</subfield><subfield code="d">Welcome.</subfield></datafield><datafield ind1="1" ind2=" " tag="029"><subfield code="a">AU@</subfield><subfield code="b">000025805237</subfield></datafield></record>